%% Created for Maryam Valian


%% For more reading:

@book{hibbeler2006structural,
  title={Structural analysis},
  author={Hibbeler, Russell Charles and Tan, Kiang-Hwee},
  year={2006},
  publisher={Pearson Prentice Hall Upper Saddle River}
}

@book{galishnikova2009geometrically,
  title={Geometrically Nonlinear Analysis of Plan trusses and Frames},
  author={Galishnikova, Vera},
  year={2009},
  publisher={AFRICAN SUN MeDIA}
}

%% Online Tool Example 


 @misc{valdivia, title={2D-truss analysis},
 url={https://valdivia.staff.jade-hs.de/fachwerk_en.html},
 journal={2D-Truss calculator - online}, 
 author={Valdivia, Anton}
 }



